<?xml version="1.0" encoding="UTF-8"?><collection xmlns="http://www.loc.gov/MARC21/slim"><record><leader>00393nam--2200133-i-4500</leader><controlfield tag="001">000000208</controlfield><controlfield tag="002">20161230</controlfield><controlfield tag="005">20161230201023</controlfield><controlfield tag="008">060222s1000------------r-----000-0-eng-d</controlfield><datafield ind1=" " ind2=" " tag="100"><subfield code="a">Fujita, Shigeji</subfield></datafield><datafield ind1=" " ind2=" " tag="245"><subfield code="a">Introduction to non-equilibrium quantum statistical mechanics</subfield></datafield><datafield ind1=" " ind2=" " tag="260"><subfield code="a">Philadelphia, W.B.Saunders Company. Xi + 165 P</subfield></datafield><datafield ind1=" " ind2=" " tag="490"><subfield code="a">Studies In Physisc And Chemistry</subfield></datafield><datafield ind1=" " ind2=" " tag="852"><subfield code="a">24648</subfield></datafield></record></collection>